<?xml version="1.0" encoding="UTF-8"?>
<record>
  <leader>01410nem#a2200301#c#4500</leader>
  <controlfield tag="005">20210409080036.0</controlfield>
  <controlfield tag="007">au#|||||</controlfield>
  <controlfield tag="008">121126|1757####xx########|###|#|###lat#c</controlfield>
  <controlfield tag="003">DE-605</controlfield>
  <controlfield tag="001">990193806600206441</controlfield>
  <datafield tag="016" ind1="7" ind2=" ">
    <subfield code="a">1073524504</subfield>
    <subfield code="2">OCoLC</subfield>
  </datafield>
  <datafield tag="035" ind1=" " ind2=" ">
    <subfield code="a">(DE-605)HT017468042</subfield>
  </datafield>
  <datafield tag="040" ind1=" " ind2=" ">
    <subfield code="a">6</subfield>
    <subfield code="b">ger</subfield>
    <subfield code="d">6</subfield>
    <subfield code="e">rakwb</subfield>
  </datafield>
  <datafield tag="041" ind1=" " ind2=" ">
    <subfield code="a">lat</subfield>
  </datafield>
  <datafield tag="044" ind1=" " ind2=" ">
    <subfield code="c">XA-DXDE</subfield>
  </datafield>
  <datafield tag="110" ind1="2" ind2=" ">
    <subfield code="a">Homannsche Erben</subfield>
    <subfield code="0">(DE-588)5293676-4</subfield>
    <subfield code="4">aut</subfield>
    <subfield code="0">https://portal.dnb.de/opac.htm?method=simpleSearch&amp;cqlMode=true&amp;query=idn=954570936</subfield>
    <subfield code="0">http://viaf.org/viaf/sourceID/DNB|954570936</subfield>
    <subfield code="B">GND-954570936</subfield>
  </datafield>
  <datafield tag="245" ind1="1" ind2="0">
    <subfield code="a">Territorium Seculare Episcopatus Monasterii Munster Germanis dicti. Ubi una cum Episcopatu Osnabr. simul integri Comitatus Bentheim, Steinfurt, Teklenburg, Lingen, Diepholz, Gemen conspiciuntur</subfield>
    <subfield code="c">Mappa publicata per Homannianos Heredes</subfield>
  </datafield>
  <datafield tag="255" ind1=" " ind2=" ">
    <subfield code="a">[ca. 1:420 000] (E 006 26 -E 008 47 /N 053 11 -N 051 37)</subfield>
  </datafield>
  <datafield tag="264" ind1=" " ind2="1">
    <subfield code="a">[Nürnberg]</subfield>
    <subfield code="b">Homannianos Heredes</subfield>
    <subfield code="c">1757</subfield>
  </datafield>
  <datafield tag="300" ind1=" " ind2=" ">
    <subfield code="a">1 Kt. : grenzkolor., flächenkolor., Kupferst.</subfield>
    <subfield code="c">46 x 48 cm</subfield>
  </datafield>
  <datafield tag="500" ind1=" " ind2=" ">
    <subfield code="a">Titelkartusche mit Maßstab geschmü. mit 1 Wappen links Mitte</subfield>
    <subfield code="9">F:501</subfield>
  </datafield>
  <datafield tag="776" ind1="0" ind2="8">
    <subfield code="i">Reproduktion</subfield>
    <subfield code="a">Homannsche Erben</subfield>
    <subfield code="t">Territorium Seculare Episcopatus Monasterii Munster Germanis dicti. Ubi una cum Episcopatu Osnabr. simul integri Comitatus Bentheim, Steinfurt, Teklenburg, Lingen, Diepholz, Gemen conspiciuntur</subfield>
    <subfield code="w">(DE-605)CT005005181</subfield>
  </datafield>
  <datafield tag="964" ind1="0" ind2="s">
    <subfield code="F">030</subfield>
    <subfield code="A">a|1uc||||||27</subfield>
  </datafield>
  <datafield tag="964" ind1="0" ind2="s">
    <subfield code="F">050</subfield>
    <subfield code="A">||||||||||a|||</subfield>
  </datafield>
  <datafield tag="964" ind1="0" ind2="s">
    <subfield code="F">051</subfield>
    <subfield code="A">m|||||||</subfield>
  </datafield>
  <datafield tag="035" ind1=" " ind2=" ">
    <subfield code="a">(OCoLC)1073524504</subfield>
  </datafield>
  <datafield tag="035" ind1=" " ind2=" ">
    <subfield code="a">(DE-599)GBV305079123</subfield>
  </datafield>
  <datafield tag="035" ind1=" " ind2=" ">
    <subfield code="a">(DE-601)305079123</subfield>
  </datafield>
  <datafield tag="MBD" ind1=" " ind2=" ">
    <subfield code="M">49HBZ_NETWORK</subfield>
    <subfield code="i">990193806600206441</subfield>
    <subfield code="n">HBZ Network</subfield>
  </datafield>
  <datafield tag="MBD" ind1=" " ind2=" ">
    <subfield code="M">49HBZ_ULM</subfield>
    <subfield code="i">991004375309706449</subfield>
    <subfield code="n">Universität Münster</subfield>
  </datafield>
  <datafield tag="MNG" ind1=" " ind2=" ">
    <subfield code="c">System</subfield>
    <subfield code="f">ILS</subfield>
    <subfield code="i">marc21</subfield>
    <subfield code="k">01</subfield>
    <subfield code="e">false</subfield>
    <subfield code="d">2023-07-14 04:36:55 Europe/Berlin</subfield>
    <subfield code="g">019380660-HBZ01</subfield>
    <subfield code="j">60</subfield>
    <subfield code="a">import</subfield>
    <subfield code="b">2021-04-05 21:22:23 Europe/Berlin</subfield>
  </datafield>
  <datafield tag="H52" ind1="8" ind2=" ">
    <subfield code="b">HLS</subfield>
    <subfield code="c">HLS_RAKAR</subfield>
    <subfield code="h">RK 13</subfield>
    <subfield code="8">22526297380006449</subfield>
  </datafield>
  <datafield tag="HOL" ind1=" " ind2=" ">
    <subfield code="b">2022-07-11 09:56:01</subfield>
    <subfield code="8">22526297380006449</subfield>
    <subfield code="M">49HBZ_ULM</subfield>
    <subfield code="g">false</subfield>
    <subfield code="a">import</subfield>
  </datafield>
  <datafield tag="ITM" ind1=" " ind2=" ">
    <subfield code="H">22526297380006449</subfield>
    <subfield code="x">HLS_RAKAR</subfield>
    <subfield code="f">MAP</subfield>
    <subfield code="v">HLS_RAKAR</subfield>
    <subfield code="X">AMO_TL2_FIX</subfield>
    <subfield code="U">2022-07-10 12:59:00 Europe/Berlin</subfield>
    <subfield code="Y">2022-07-12 13:10:54 Europe/Berlin</subfield>
    <subfield code="h">false</subfield>
    <subfield code="Q">SISIS-Ausleihzähler Migrationsjahr: 0 | SISIS-Ausleihzähler Vor-Migrationsjahr: 0 | SISIS-Ausleihzähler vorletztes Migrationsjahr: 0</subfield>
    <subfield code="M">49HBZ_ULM</subfield>
    <subfield code="s">1</subfield>
    <subfield code="d">8</subfield>
    <subfield code="V">import</subfield>
    <subfield code="b">6-00245554-2</subfield>
    <subfield code="O">Fernleihkonditionen: 3</subfield>
    <subfield code="a">23526297370006449</subfield>
    <subfield code="R">DBS-Systematik: 0</subfield>
    <subfield code="c">RK 13</subfield>
    <subfield code="W">2022-07-11 11:56:01 Europe/Berlin</subfield>
    <subfield code="u">HLS</subfield>
    <subfield code="w">HLS</subfield>
  </datafield>
  <datafield tag="GKT" ind1="2" ind2=" ">
    <subfield code="a">Homanns Erben</subfield>
    <subfield code="A">GND</subfield>
    <subfield code="B">GND-954570936</subfield>
    <subfield code="C">410</subfield>
  </datafield>
  <datafield tag="GKT" ind1="2" ind2=" ">
    <subfield code="a">Johann Baptist Homann Erben</subfield>
    <subfield code="A">GND</subfield>
    <subfield code="B">GND-954570936</subfield>
    <subfield code="C">410</subfield>
  </datafield>
  <datafield tag="GKT" ind1="2" ind2=" ">
    <subfield code="a">Johann Baptist Homanns Erben</subfield>
    <subfield code="A">GND</subfield>
    <subfield code="B">GND-954570936</subfield>
    <subfield code="C">410</subfield>
  </datafield>
  <datafield tag="GKT" ind1="2" ind2=" ">
    <subfield code="a">Homännische Officin</subfield>
    <subfield code="A">GND</subfield>
    <subfield code="B">GND-954570936</subfield>
    <subfield code="C">410</subfield>
  </datafield>
  <datafield tag="GKT" ind1="2" ind2=" ">
    <subfield code="a">Homænnische Officin</subfield>
    <subfield code="A">GND</subfield>
    <subfield code="B">GND-954570936</subfield>
    <subfield code="C">410</subfield>
  </datafield>
  <datafield tag="GKT" ind1="2" ind2=" ">
    <subfield code="a">Homännische Erben</subfield>
    <subfield code="A">GND</subfield>
    <subfield code="B">GND-954570936</subfield>
    <subfield code="C">410</subfield>
  </datafield>
  <datafield tag="GKT" ind1="2" ind2=" ">
    <subfield code="a">Homaennische Erben</subfield>
    <subfield code="A">GND</subfield>
    <subfield code="B">GND-954570936</subfield>
    <subfield code="C">410</subfield>
  </datafield>
  <datafield tag="GKT" ind1="2" ind2=" ">
    <subfield code="a">Homannische Erben</subfield>
    <subfield code="A">GND</subfield>
    <subfield code="B">GND-954570936</subfield>
    <subfield code="C">410</subfield>
  </datafield>
  <datafield tag="GKT" ind1="2" ind2=" ">
    <subfield code="a">Homanniani Heredes</subfield>
    <subfield code="A">GND</subfield>
    <subfield code="B">GND-954570936</subfield>
    <subfield code="C">410</subfield>
  </datafield>
  <datafield tag="GKT" ind1="2" ind2=" ">
    <subfield code="a">Homan. Hered.</subfield>
    <subfield code="A">GND</subfield>
    <subfield code="B">GND-954570936</subfield>
    <subfield code="C">410</subfield>
  </datafield>
  <datafield tag="GKT" ind1="2" ind2=" ">
    <subfield code="a">Homann Heredibus</subfield>
    <subfield code="A">GND</subfield>
    <subfield code="B">GND-954570936</subfield>
    <subfield code="C">410</subfield>
  </datafield>
  <datafield tag="GKT" ind1="2" ind2=" ">
    <subfield code="a">Homannianis Heredibus</subfield>
    <subfield code="A">GND</subfield>
    <subfield code="B">GND-954570936</subfield>
    <subfield code="C">410</subfield>
  </datafield>
  <datafield tag="GKT" ind1="2" ind2=" ">
    <subfield code="a">Homannianus Heredus</subfield>
    <subfield code="A">GND</subfield>
    <subfield code="B">GND-954570936</subfield>
    <subfield code="C">410</subfield>
  </datafield>
  <datafield tag="GKT" ind1="2" ind2=" ">
    <subfield code="a">Homannianos Heredes</subfield>
    <subfield code="A">GND</subfield>
    <subfield code="B">GND-954570936</subfield>
    <subfield code="C">410</subfield>
  </datafield>
  <datafield tag="GKT" ind1="2" ind2=" ">
    <subfield code="a">Homann Heredib.</subfield>
    <subfield code="A">GND</subfield>
    <subfield code="B">GND-954570936</subfield>
    <subfield code="C">410</subfield>
  </datafield>
  <datafield tag="GKT" ind1="2" ind2=" ">
    <subfield code="a">Heritiers de Homann</subfield>
    <subfield code="A">GND</subfield>
    <subfield code="B">GND-954570936</subfield>
    <subfield code="C">410</subfield>
  </datafield>
  <datafield tag="GKT" ind1="2" ind2=" ">
    <subfield code="a">Heritiers de Homan</subfield>
    <subfield code="A">GND</subfield>
    <subfield code="B">GND-954570936</subfield>
    <subfield code="C">410</subfield>
  </datafield>
  <datafield tag="GKT" ind1="2" ind2=" ">
    <subfield code="a">Officina Homanniana</subfield>
    <subfield code="A">GND</subfield>
    <subfield code="B">GND-954570936</subfield>
    <subfield code="C">410</subfield>
  </datafield>
  <datafield tag="GKT" ind1="2" ind2=" ">
    <subfield code="a">Homanni Heredes</subfield>
    <subfield code="A">GND</subfield>
    <subfield code="B">GND-954570936</subfield>
    <subfield code="C">410</subfield>
  </datafield>
  <datafield tag="GKT" ind1="2" ind2=" ">
    <subfield code="a">Homannische Erben</subfield>
    <subfield code="A">GND</subfield>
    <subfield code="B">GND-954570936</subfield>
    <subfield code="C">410</subfield>
  </datafield>
  <datafield tag="GKT" ind1="2" ind2=" ">
    <subfield code="a">Verlag Homann</subfield>
    <subfield code="A">GND</subfield>
    <subfield code="B">GND-954570936</subfield>
    <subfield code="C">410</subfield>
  </datafield>
  <datafield tag="GKT" ind1="2" ind2=" ">
    <subfield code="a">Homann, Verlag</subfield>
    <subfield code="A">GND</subfield>
    <subfield code="B">GND-954570936</subfield>
    <subfield code="C">410</subfield>
  </datafield>
  <datafield tag="GKT" ind1="2" ind2=" ">
    <subfield code="a">Homännischer Verlag</subfield>
    <subfield code="A">GND</subfield>
    <subfield code="B">GND-954570936</subfield>
    <subfield code="C">410</subfield>
  </datafield>
  <datafield tag="GKT" ind1="2" ind2=" ">
    <subfield code="a">Homannische Offizin</subfield>
    <subfield code="A">GND</subfield>
    <subfield code="B">GND-954570936</subfield>
    <subfield code="C">410</subfield>
  </datafield>
  <datafield tag="GKT" ind1="2" ind2=" ">
    <subfield code="a">Homannische Officin</subfield>
    <subfield code="A">GND</subfield>
    <subfield code="B">GND-954570936</subfield>
    <subfield code="C">410</subfield>
  </datafield>
  <datafield tag="GKT" ind1="2" ind2=" ">
    <subfield code="a">Homannische Handlung</subfield>
    <subfield code="A">GND</subfield>
    <subfield code="B">GND-954570936</subfield>
    <subfield code="C">410</subfield>
  </datafield>
  <datafield tag="GKT" ind1="2" ind2=" ">
    <subfield code="a">Homannische Buchhandlung</subfield>
    <subfield code="A">GND</subfield>
    <subfield code="B">GND-954570936</subfield>
    <subfield code="C">410</subfield>
  </datafield>
  <datafield tag="GKT" ind1="2" ind2=" ">
    <subfield code="a">Homännische Buchhandlung</subfield>
    <subfield code="A">GND</subfield>
    <subfield code="B">GND-954570936</subfield>
    <subfield code="C">410</subfield>
  </datafield>
  <datafield tag="GKT" ind1="2" ind2=" ">
    <subfield code="a">Bureau Geographique de Homann</subfield>
    <subfield code="A">GND</subfield>
    <subfield code="B">GND-954570936</subfield>
    <subfield code="C">410</subfield>
  </datafield>
  <datafield tag="GKT" ind1="2" ind2=" ">
    <subfield code="a">Heritiers d'Homann</subfield>
    <subfield code="A">GND</subfield>
    <subfield code="B">GND-954570936</subfield>
    <subfield code="C">410</subfield>
  </datafield>
  <datafield tag="GKT" ind1="2" ind2=" ">
    <subfield code="a">Coheredis Homanniani</subfield>
    <subfield code="A">GND</subfield>
    <subfield code="B">GND-954570936</subfield>
    <subfield code="C">410</subfield>
  </datafield>
  <datafield tag="GKT" ind1="2" ind2=" ">
    <subfield code="a">Homann-Verlag</subfield>
    <subfield code="9">v:Vorlage</subfield>
    <subfield code="A">GND</subfield>
    <subfield code="B">GND-954570936</subfield>
    <subfield code="C">410</subfield>
  </datafield>
  <datafield tag="GKT" ind1="2" ind2=" ">
    <subfield code="a">Heredes Hommanianes</subfield>
    <subfield code="A">GND</subfield>
    <subfield code="B">GND-954570936</subfield>
    <subfield code="C">410</subfield>
  </datafield>
  <datafield tag="GKT" ind1="2" ind2=" ">
    <subfield code="a">Homannianes Heredes</subfield>
    <subfield code="A">GND</subfield>
    <subfield code="B">GND-954570936</subfield>
    <subfield code="C">410</subfield>
  </datafield>
  <datafield tag="GKT" ind1="2" ind2=" ">
    <subfield code="a">Homannianis Heredibus</subfield>
    <subfield code="A">GND</subfield>
    <subfield code="B">GND-954570936</subfield>
    <subfield code="C">410</subfield>
  </datafield>
  <datafield tag="GKT" ind1="2" ind2=" ">
    <subfield code="a">Homannianorum Heredum</subfield>
    <subfield code="A">GND</subfield>
    <subfield code="B">GND-954570936</subfield>
    <subfield code="C">410</subfield>
  </datafield>
  <datafield tag="GSI" ind1="7" ind2=" ">
    <subfield code="a">5293676-4</subfield>
    <subfield code="0">http://d-nb.info/gnd/5293676-4</subfield>
    <subfield code="2">gnd</subfield>
    <subfield code="A">GND</subfield>
    <subfield code="B">GND-954570936</subfield>
    <subfield code="C">024</subfield>
  </datafield>
</record>
